%% This BibTeX bibliography file was created using BibDesk.
%% http://bibdesk.sourceforge.net/

%% Created for David Broneske at 2018-03-28 15:26:21 +0200 


%% Saved with string encoding Unicode (UTF-8) 



@article{BS17,
	Author = {David Broneske and Gunter Saake},
	Date-Added = {2018-03-28 13:18:11 +0000},
	Date-Modified = {2018-03-28 13:18:11 +0000},
	Journal = {it - Information Technology},
	Number = {3},
	Pages = {133--140},
	Title = {Exploiting Capabilities of Modern Processors in Data Intensive Applications},
	Url = {https://doi.org/10.1515/itit-2016-0049},
	Volume = {59},
	Year = {2017},
	Bdsk-Url-1 = {https://doi.org/10.1515/itit-2016-0049}}

@inproceedings{BBHS14,
	Author = {David Broneske and Sebastian Bre\ss and Max Heimel and Gunter Saake},
	Booktitle = {Proceedings of the International Conference on Extending Database Technolgy (EDBT)},
	Date-Added = {2018-03-28 13:16:45 +0000},
	Date-Modified = {2018-03-28 13:22:26 +0000},
	Pages = {229--234},
	Title = {Toward Hardware-Sensitive Database Operations},
	Year = {2014}}

@inproceedings{BBS14,
	Author = {David Broneske and Sebastian Bre\ss and Gunter Saake},
	Booktitle = {Proceedings of the International Workshop on In-Memory Data Management (IMDM)},
	Date-Added = {2018-03-28 13:16:45 +0000},
	Date-Modified = {2018-03-28 13:23:42 +0000},
	Pages = {97-111},
	Publisher = {Springer},
	Series = {LNCS},
	Title = {Database Scan Variants on Modern {CPU}s: A Performance Study},
	Volume = {8921},
	Year = {2014}}

@inproceedings{BMS17,
	Author = {David Broneske and Andreas Meister and Gunter Saake},
	Booktitle = {Proceedings of the German Conference on Business, Technology and Web (BTW)},
	Date-Added = {2018-03-28 13:16:45 +0000},
	Date-Modified = {2018-03-28 13:25:12 +0000},
	Title = {Hardware-Sensitive Scan Operator Variants for Compiled Selection Pipelines},
	Year = {2017}}

@inproceedings{BKS+17,
	Author = {David Broneske and Veit K{\"o}ppen and Gunter Saake and Martin Sch{\"a}ler},
	Booktitle = {Proceedings of the International Conference on Data Engineering (ICDE)},
	Date-Added = {2018-02-06 10:08:08 +0000},
	Date-Modified = {2018-03-28 13:22:46 +0000},
	Pages = {647--658},
	Publisher = {IEEE},
	Title = {Accelerating Multi-Column Selection Predicates in Main-Memory - The {Elf} Approach},
	Year = {2017}}

@article{suaib2011architecture,
	Author = {Suaib, Mohammad and Palaty, Abel and Pandey, Kumar Sambhav},
	Journal = {International Journal of Computer Applications},
	Number = {4},
	Publisher = {International Journal of Computer Applications, 244 5 th Avenue,\# 1526, New York, NY 10001, USA India},
	Title = {Architecture of SIMD Type Vector Processor},
	Volume = {20},
	Year = {2011}}

@inproceedings{zhou2002implementing,
	Author = {Zhou, Jingren and Ross, Kenneth A},
	Booktitle = {Proceedings of the International Conference on Management of Data (SIGMOD)},
	Date-Modified = {2018-03-28 13:25:40 +0000},
	Organization = {ACM},
	Pages = {145--156},
	Title = {Implementing database operations using SIMD instructions},
	Year = {2002}}

@inproceedings{zeuch2014adapting,
	Author = {Zeuch, Steffen and Huber, Frank and Freytag, Johann-christoph},
	Booktitle = {Proceedings of the International Conference on Extending Database Technology (EDBT)},
	Date-Modified = {2018-02-07 17:13:17 +0000},
	Publisher = {Citeseer},
	Title = {Adapting tree structures for processing with SIMD instructions},
	Year = {2014}}

@inproceedings{leis2013adaptive,
	Author = {Leis, Viktor and Kemper, Alfons and Neumann, Thomas},
	Booktitle = {Proceedings of the International Conference on Data Engineering (ICDE)},
	Date-Modified = {2018-02-07 17:12:21 +0000},
	Organization = {IEEE},
	Pages = {38--49},
	Title = {The adaptive radix tree: ARTful indexing for main-memory databases},
	Year = {2013}}

@inproceedings{yamamuro2012vast,
	Author = {Yamamuro, Takeshi and Onizuka, Makoto and Hitaka, Toshio and Yamamuro, Masashi},
	Booktitle = {Proceedings of the International Conference on Extending Database Technology (EDBT)},
	Date-Modified = {2018-02-07 17:12:52 +0000},
	Organization = {ACM},
	Pages = {396--407},
	Title = {VAST-Tree: A vector-advanced and compressed structure for massive data tree traversal},
	Year = {2012}}

@inproceedings{kim2010fast,
	Author = {Kim, Changkyu and Chhugani, Jatin and Satish, Nadathur and Sedlar, Eric and Nguyen, Anthony D and Kaldewey, Tim and Lee, Victor W and Brandt, Scott A and Dubey, Pradeep},
	Booktitle = {Proceedings of the International Conference on Management of Data (SIGMOD)},
	Date-Modified = {2018-02-07 17:12:04 +0000},
	Organization = {ACM},
	Pages = {339--350},
	Title = {FAST: Fast architecture sensitive tree search on modern {CPUs} and {GPUs}},
	Year = {2010}}

@inproceedings{polychroniou2015rethinking,
	Author = {Polychroniou, Orestis and Raghavan, Arun and Ross, Kenneth A},
	Booktitle = {Proceedings of the International Conference on Management of Data (SIGMOD)},
	Date-Modified = {2018-02-07 17:13:58 +0000},
	Organization = {ACM},
	Pages = {1493--1508},
	Title = {Rethinking {SIMD} vectorization for in-memory databases},
	Year = {2015}}

@inproceedings{rao1999cache,
	Author = {Rao, Jun and Ross, Kenneth A},
	Booktitle = {Proceedings of the International Conference on Very Large Databases (VLDB)},
	Date-Modified = {2018-02-07 17:15:31 +0000},
	Pages = {78--89},
	Title = {Cache conscious indexing for decision-support in main memory},
	Volume = {99},
	Year = {1999}}

@inproceedings{zukowski2006super,
	Author = {Zukowski, Marcin and Heman, Sandor and Nes, Niels and Boncz, Peter},
	Booktitle = {Proceedings of the International Conference on Data Engineering (ICDE)},
	Date-Modified = {2018-02-07 17:16:15 +0000},
	Organization = {IEEE},
	Pages = {59--59},
	Title = {Super-scalar {RAM-CPU} cache compression},
	Year = {2006}}

@inproceedings{graefe2001b,
	Author = {Graefe, Goetz and Larson, P-A},
	Booktitle = {Proceedings of the International Conference on Data Engineering (ICDE)},
	Date-Modified = {2018-02-07 17:16:42 +0000},
	Organization = {IEEE},
	Pages = {349--358},
	Title = {B-tree Indexes and {CPU} Caches},
	Year = {2001}}

@inproceedings{bender2000cache,
	Author = {Bender, Michael A. and Demaine, Erik D. and Farach-Colton, Martin},
	Booktitle = {Proceedings of the Annual Symposium on Foundations of Computer Science},
	Date-Modified = {2018-02-07 17:17:47 +0000},
	Organization = {IEEE},
	Pages = {399--409},
	Title = {Cache-oblivious {B}-trees},
	Year = {2000}}

@inproceedings{bender2006cache,
	Author = {Bender, Michael A and Farach-Colton, Martin and Kuszmaul, Bradley C},
	Booktitle = {Proceedings of the Symposium on Principles of Database Systems (PODS)},
	Date-Modified = {2018-02-07 17:18:14 +0000},
	Organization = {ACM},
	Pages = {233--242},
	Title = {Cache-oblivious string {B}-trees},
	Year = {2006}}

@inproceedings{rao2000making,
	Author = {Rao, Jun and Ross, Kenneth A.},
	Booktitle = {ACM SIGMOD Record},
	Date-Modified = {2018-02-07 17:28:48 +0000},
	Number = {2},
	Organization = {ACM},
	Pages = {475--486},
	Title = {Making B+-trees cache conscious in main memory},
	Volume = {29},
	Year = {2000}}

@inproceedings{schlegel2009k,
	Author = {Schlegel, Benjamin and Gemulla, Rainer and Lehner, Wolfgang},
	Booktitle = {Proceedings of the International Workshop on Data Management on New Hardware (DaMoN)},
	Date-Modified = {2018-02-07 17:14:53 +0000},
	Organization = {ACM},
	Pages = {52--60},
	Title = {K-ary search on modern processors},
	Year = {2009}}

@inproceedings{borodin2017optimization,
	Author = {Borodin, Andrey and Mirvoda, Sergey and Kulikov, Ilia and Porshnev, Sergey},
	Booktitle = {Proceedings of the International Conference: Beyond Databases, Architectures and Structures (BDAS)},
	Date-Modified = {2018-02-08 10:04:26 +0000},
	Organization = {Springer},
	Pages = {224--232},
	Title = {Optimization of Memory Operations in Generalized Search Trees of {PostgreSQL}},
	Year = {2017}}
