% Strings


% Preamble

@article{suaib2011architecture,
  title={Architecture of SIMD Type Vector Processor},
  author={Suaib, Mohammad and Palaty, Abel and Pandey, Kumar Sambhav},
  journal={International Journal of Computer Applications},
  volume={20},
  number={4},
  year={2011},
  publisher={International Journal of Computer Applications, 244 5 th Avenue,\# 1526, New York, NY 10001, USA India}
}

@inproceedings{zhou2002implementing,
  title={Implementing database operations using SIMD instructions},
  author={Zhou, Jingren and Ross, Kenneth A},
  booktitle={Proceedings of the 2002 ACM SIGMOD international conference on Management of data},
  pages={145--156},
  year={2002},
  organization={ACM}
}

@article{zeuch2014adapting,
  title={Adapting tree structures for processing with SIMD instructions},
  author={Zeuch, Steffen and Huber, Frank and Freytag, Johann-christoph},
  year={2014},
  publisher={Citeseer}
}

@inproceedings{leis2013adaptive,
  title={The adaptive radix tree: ARTful indexing for main-memory databases},
  author={Leis, Viktor and Kemper, Alfons and Neumann, Thomas},
  booktitle={Data Engineering (ICDE), 2013 IEEE 29th International Conference on},
  pages={38--49},
  year={2013},
  organization={IEEE}
}

@inproceedings{yamamuro2012vast,
  title={VAST-Tree: A vector-advanced and compressed structure for massive data tree traversal},
  author={Yamamuro, Takeshi and Onizuka, Makoto and Hitaka, Toshio and Yamamuro, Masashi},
  booktitle={Proceedings of the 15th International Conference on Extending Database Technology},
  pages={396--407},
  year={2012},
  organization={ACM}
}

@inproceedings{kim2010fast,
  title={FAST: fast architecture sensitive tree search on modern CPUs and GPUs},
  author={Kim, Changkyu and Chhugani, Jatin and Satish, Nadathur and Sedlar, Eric and Nguyen, Anthony D and Kaldewey, Tim and Lee, Victor W and Brandt, Scott A and Dubey, Pradeep},
  booktitle={Proceedings of the 2010 ACM SIGMOD International Conference on Management of data},
  pages={339--350},
  year={2010},
  organization={ACM}
}

@inproceedings{polychroniou2015rethinking,
  title={Rethinking SIMD vectorization for in-memory databases},
  author={Polychroniou, Orestis and Raghavan, Arun and Ross, Kenneth A},
  booktitle={Proceedings of the 2015 ACM SIGMOD International Conference on Management of Data},
  pages={1493--1508},
  year={2015},
  organization={ACM}
}

@inproceedings{rao1999cache,
  title={Cache conscious indexing for decision-support in main memory},
  author={Rao, Jun and Ross, Kenneth A},
  booktitle={VLDB},
  volume={99},
  pages={78--89},
  year={1999}
}

@inproceedings{zukowski2006super,
  title={Super-scalar RAM-CPU cache compression},
  author={Zukowski, Marcin and Heman, Sandor and Nes, Niels and Boncz, Peter},
  booktitle={Data Engineering, 2006. ICDE'06. Proceedings of the 22nd International Conference on},
  pages={59--59},
  year={2006},
  organization={IEEE}
}

@inproceedings{graefe2001b,
  title={B-tree Indexes and CPU Caches},
  author={Graefe, Goetz and Larson, P-A},
  booktitle={Data Engineering, 2001. Proceedings. 17th International Conference on},
  pages={349--358},
  year={2001},
  organization={IEEE}
}

@inproceedings{bender2000cache,
  title={Cache-oblivious B-trees},
  author={Bender, Michael A and Demaine, Erik D and Farach-Colton, Martin},
  booktitle={Foundations of Computer Science, 2000. Proceedings. 41st Annual Symposium on},
  pages={399--409},
  year={2000},
  organization={IEEE}
}

@inproceedings{bender2006cache,
  title={Cache-oblivious string B-trees},
  author={Bender, Michael A and Farach-Colton, Martin and Kuszmaul, Bradley C},
  booktitle={Proceedings of the twenty-fifth ACM SIGMOD-SIGACT-SIGART symposium on Principles of database systems},
  pages={233--242},
  year={2006},
  organization={ACM}
}

@inproceedings{rao2000making,
  title={Making B+-trees cache conscious in main memory},
  author={Rao, Jun and Ross, Kenneth A},
  booktitle={ACM SIGMOD Record},
  volume={29},
  number={2},
  pages={475--486},
  year={2000},
  organization={ACM}
}

@inproceedings{schlegel2009k,
  title={K-ary search on modern processors},
  author={Schlegel, Benjamin and Gemulla, Rainer and Lehner, Wolfgang},
  booktitle={Proceedings of the Fifth International Workshop on Data Management on New Hardware},
  pages={52--60},
  year={2009},
  organization={ACM}
}